3052 4574
461 521 531 604 ‘26

499 621 936 729 uodarnmodoliceat.
966 629 1044 714 Sed
1057 657 1338 744 nequeacon·

469 663 678 841 inerudine
709 745 927 863 petendum
956 747 1012 830 est
1035 747 1339 834 testimonium,

470 871 678 960 veritatis,
700 889 830 978 ‘neque
844 865 943 976 quid
957 865 1147 950 valeata'd
1161 866 1339 951 honores

470 983 749 1104 adipiscendos
769 981 907 1098 inlhac
921 979 1198 1098 disputatione
1225 1013 1339 1099 quac·

469 1113 620 1192 rimus.
656 1095 803 1186 Namsr
825 1101 865 1184 id
880 1105 1126 1216 quaerimus,
1157 1131 1240 1186 non
1258 1125 1340 1187 tam
1400 1188 1406 1196 ,

463 1219 794 1338 Jurisprudentiae
813 1211 970 1304 -fiducia
991 1219 1201 1304 nitendum
1218 1220 1337 1304 nobis

469 1341 525 1427 est
550 1341 601 1424 ad
614 1340 793 1422 *honores
815 1335 840 1427 ,’
856 1361 975 1450 quarn
1005 1340 1220 1453 pecuniae,
1249 1365 1339 1452 quac

468 1457 634 1545 fortaii'e
658 1453 792 1541 multo
816 1457 1143 1569 expeditiorem,
1174 1449 1338 1568 &quafi

465 1575 815 1692 compendiariam
828 1567 1064 1686 quibusdam
1093 1572 1259 1660 muniffe
1277 1576 1341 1656 vi·

467 1696 585 1778 detur
599 1694 647 1776 a'd
668 1714 767 1806 opes
784 1693 909 1775 viam.
951 1701 1018 1775 At·
1034 1695 1233 1777 neminem
1262 1719 1341 1775 un·

465 1823 585 1928 quain
616 1814 699 1895 ridi
726 1808 879 1896 facturn
906 1810 981 1895 effe
1007 1807 1338 1926 pecunisPoliti-

464 1959 587 2014 curn.
619 1933 761 2042 Itaque
790 1924 1026 2040 scriptorem
1057 1929 1235 2014 nostrum
1253 1956 1337 2011 non

467 2049 522 2130 in'
538 2045 750 2163 republica
771 2047 973 2130 dominari
990 2105 1002 2138 ,
1033 2046 1097 2134 sed
1113 2044 1337 2132 inscientia

464 2164 640 2278 politica
654 2163 831 2247 diximus
849 2222 860 2253 ‚
891 2191 1015 2276 quarn
1029 2167 1066 2249 ei
1083 2165 1336 2249 necessariam

462 2279 539 2366 eiie
563 2279 878 2363 contendimus.
910 2308 961 2364 ex
986 2276 1219 2395 eoquefieri
1235 2281 1338 2362 arbi·

463 2413 617 2480 tramur'
642 2456 654 2491 ,
683 2416 745 2478 'ut
767 2393 1059 2510 capessentibus
1090 2395 1337 2512 Rempubli-

460 2521 550 2600 carn
565 2509 915 2600 adolescentibus,
949 2516 1091 2599 melius
1118 2513 1332 2600 consulere

460 2629 645 2715 videatur
664 2687 674 2718 ‚
705 2634 863 2744 quiens
880 2635 922 2714 in
940 2627 1169 2718 Pontificiis
1185 2633 1334 2748 Episto-

462 2745 513 2832 iis
529 2745 865 2842 conscribendis,
896 2779 1024 2865 quern.
1043 2755 1086 2838 in
1110 2753 1216 2861 Juris
1248 2746 1334 2832 fora
1353 2781 1356 2785 ·

459 2865 582 2950 mulis'
608 2865 858 2950 addiscendis
887 2871 936 2950 ad
964 2869 1128 2954 civilem
1157 2869 1335 2986 pruden-

462 2985 558 3068 tiam
575 2986 752 3070 exerceri
770 2983 885 3068 malit
897 3039 914 3066 .-
940 2985 1068 3069 Nulla
1081 3009 1190 3072 certe
1206 2992 1247 3072 in
1264 2988 1338 3069 Fo-

460 3094 630 3184 rensrum
642 3097 971 3218 Jurisperitornm
986 3100 1146 3221 scriptis
1162 3110 1334 3200 ,Foren-

462 3211 565 3301 srum'
577 3219 748 3334 inquam
762 3229 777 3324 (
791 3221 832 3303 id
852 3224 960 3306 enirn
972 3223 1194 3336 diiigenter
1211 3221 1333 3308 intel-

462 3335 539 3447 iigi
558 3336 758 3444 voioide
767 3341 925 3453 Regum
943 3340 1004 3424 vel
1021 3345 1212 3428 amicitiis
1228 3369 1331 3427 con·

462 3453 675 3552 uidendis,
701 3456 762 3544 rel
770 3459 1073 3578 cupiditatibus
1090 3457 1298 3551 flectendis
1315 3511 1333 3550 2

1173 3647 1177 3656 .
1284 3577 1333 3662 de
