3052 4574
491 539 512 602 1

483 545 576 720 mam
593 622 859 743 probenovi,
889 653 959 716 eor
974 624 1166 740 quidem,
1197 619 1352 715 tametsi

481 771 572 838 non
595 745 841 860 ineleganter
865 741 1092 860 scripserint
1115 779 1142 841 ,¹
1158 746 1258 832 nihil
1289 769 1369 860 tay

481 896 574 956 men
587 861 638 950 ad
655 863 853 959 Bembor,
882 861 1201 956 adamoletos,
1230 886 1352 980 arque

482 985 534 1070 ad
549 1003 588 1069 te
603 976 756 1094 ipsum,
785 983 856 1096 qui
883 977 1024 1068 eornm
1056 1009 1137 1066 non
1155 974 1286 1067 solum
1309 1007 1352 1066 es

481 1103 525 1188 in
554 1093 696 1184 officio
713 1094 909 1202 suecell'or
942 1157 957 1193 ,
986 1091 1049 1182 sed
1069 1096 1203 1183 latinae
1219 1101 1354 1183 imira-

480 1238 550 1303 tor
564 1213 810 1332 eloquentiae
828 1276 840 1313 ‚
870 1244 996 1332 quam
1011 1214 1260 1332 temporibus
1278 1241 1352 1298 no-

467 1323 1353 1448 'iltispropejameollabentemriderisunus

476 1447 749 1568 pulcherrime
776 1445 962 1536 sustinere
996 1513 1010 1538 r
1037 1447 1213 1534 Historia
1242 1451 1353 1535 enirn

477 1590 550 1653 tua
565 1589 663 1656 nota
679 1567 736 1655 est
748 1567 966 1662 omnibus;
994 1594 1046 1652 eo
1061 1569 1354 1656 minus.rereor

469 1683 641 1772 laudare
654 1683 913 1804 praesentem.
943 1684 1018 1770 Sed
1044 1687 1172 1769 miror
1183 1682 1257 1770 eise
1279 1709 1353 1768 ne·

476 1804 653 1898 minem.
685 1807 760 1919 qui
790 1860 801 1899 ,
832 1832 883 1890 ne
913 1823 1121 1890 tantorum
1157 1804 1353 1918 llirorum

357 1965 362 1974 ·
475 1923 672 2007 memoria
685 1911 821 2008 sensim
840 1919 1230 2013 evanescat‚eornm
1241 1911 1355 2034 quali

475 2035 683 2127 historiam
709 2037 952 2152 diligenter,
983 2038 1250 2154 ordinateque
1280 2036 1354 2122 de·

474 2150 649 2242 scribat.
681 2149 897 2247 Tumille,
927 2181 1154 2248 remame,
1186 2155 1352 2270 inquit,

471 2269 770 2361 deliberatam.
799 2269 844 2350 δε
861 2267 1037 2354 multum
1069 2271 1259 2380 agitatam
1288 2297 1354 2354 re·
1418 2355 1422 2362 ,

471 2387 633 2501 quiris.
665 2387 766 2468 Non
792 2388 898 2469 enim
929 2383 1015 2470 dici
1031 2381 1188 2498 potest,
1213 2414 1346 2500 quam

474 2531 554 2617 ego
584 2503 974 2588 commemoratione
1017 2500 1193 2587 telener
1224 2505 1349 2593 Viro-

395 2710 399 2721 ,
471 2649 563 2706 turn
599 2616 934 2716 excellentium,
979 2630 1159 2736 quorum
1190 2621 1349 2704 muneri

469 2730 663 2830 saccelli,
694 2765 777 2822 non
801 2764 888 2854 quo
916 2761 1058 2825 eorum
1077 2733 1349 2824 inscribendo
1374 2797 1379 2806 ·

377 2890 384 2902 ·
468 2854 629 2942 laudem
656 2846 725 2938 lim
753 2854 945 2942 assecutus
963 2855 1073 2962 (hoc
1088 2858 1198 2940 enim
1219 2855 1287 2939 abs
1307 2879 1348 2941 te

467 2974 600 3056 amice
612 2969 909 3082 magis'didtum
925 3031 938 3067 ,
968 3001 1089 3086 quam
1104 2974 1233 3059 verius
1247 2979 1263 3082 )
1279 2971 1347 3058 sed

467 3087 586 3202 qnod
616 3084 714 3172 mihi
730 3082 810 3290 ipse
825 3087 996 3174 alsentor
1013 3087 1200 3180 forralle,
1219 3119 1349 3205 quum
1472 3087 1476 3096 ’

381 3203 385 3210 ’
469 3203 578 3293 hane
605 3198 712 3320 qnafi
767 3207 872 3292 eram
894 3205 1174 3296 hereditatem
1205 3201 1368 3295 aliene

323 3365 327 3374 ,
470 3321 618 3438 gloriae
633 3342 766 3410 tenere
792 3325 959 3413 videor.
989 3329 1120 3441 igitur
1144 3325 1349 3418 hunono·

379 3465 381 3470 ’
413 3500 415 3505 ·
469 3439 596 3530 strum
624 3437 787 3561 (ipsam
803 3466 1016 3566 meantem
1027 3445 1220 3559 dicebat)
1241 3443 1362 3649 illuct·

535 3624 538 3634 .
591 3618 597 3632 -.
739 3653 741 3656 ,
1301 3587 1326 3648 ιι
