3024 4574
966 427 1049 500 241

55 519 58 524 ’
163 591 165 598 .
205 509 318 604 tifice
345 511 579 602 Alexandro
608 508 793 599 Frrneiio
814 517 1049 633 Praeceptor

195 635 323 744 <irtus
338 632 394 720 est
411 697 420 716 .
457 633 550 748 Qu
564 663 614 718 ex
631 660 673 715 re
691 633 824 718 crevit
841 634 944 719 adeo
960 663 1046 720 nou

202 747 692 839 solumfrmadoetrinae‚
724 743 789 831 sed
819 754 940 838 etiam
975 780 1049 835 au·

201 871 424 964 dimitere,
454 870 499 952 &
516 865 759 983 prudentio,
781 867 888 954 ut'ad
903 872 1043 984 Impe-

200 1008 398 1078 ratorem,
414 987 723 1098 Germaniaeque
739 986 965 1105 Principes,
982 1005 1044 1070 at-

200 1103 283 1222 que
301 1104 351 1189 ad
366 1103 551 1188 Poloniae
565 1105 722 1218 Regem
733 1108 889 1218 magnis
909 1105 968 1191 ,de
984 1131 1045 1188 re·

184 1223 281 1308 ‘bus
298 1250 321 1306 n
341 1213 543 1308 Pontifice
556 1223 816 1308 mitteretur.
837 1225 958 1309 Hunc
977 1251 1048 1304 au·

199 1363 286 1428 tem
302 1345 546 1426 Secretarr'um
560 1335 673 1424 suum
691 1333 789 1424 fecit
804 1339 930 1426 Iulius
945 1339 1045 1424 Ter-

191 1459 283 1543 tius
298 1487 366 1542 an.
381 1486 487 1542 unu.
515 1457 647 1564 Quem
661 1453 800 1543 locum
817 1462 1043 1545 tenuit'an·

199 1603 279 1662 nos
308 1576 410 1661 duos
427 1639 437 1661 .
469 1573 663 1660 Mortuus
680 1571 735 1658 est
751 1576 861 1662 enim
875 1603 1039 1662 runnu.

199 1694 261 1780 uti
276 1689 439 1796 constat
459 1719 510 1776 ex
539 1690 714 1811 Epistola
728 1696 903 1780 Antonii
920 1700 1040 1780 Sero·

196 1811 289 1906 nis,
320 1839 411 1925 quae
441 1831 555 1896 extat
582 1811 627 1890 in
658 1807 923 1897 Colleetione
943 1815 1038 1926 Epi·

194 1925 390 2014 stolorum
423 1924 661 2014 Italicarum
691 1985 705 2020 ,
745 1937 864 2040 quarn
905 1923 1037 2014 ernisrt

197 2038 436 2132 Franciscur
466 2040 701 2128 Turchius.
734 2045 782 2127 In
809 2071 895 2159 quo
922 2071 1039 2132 error

198 2158 527 2278 deprehenditur
543 2157 721 2254 Thuani,
734 2163 805 2279 qui
819 2189 911 2250 eum
926 2189 1040 2248 mor·

194 2301 315 2366 tuum
333 2275 407 2363 effe
422 2299 663 2364 narrataun.
680 2307 821 2368 nourr
833 2310 849 2368 1
861 2308 894 2364 1.
916 2281 1036 2367 Vixit

198 2419 336 2484 autem
351 2424 483 2482 annos
498 2424 650 2484 txr11.
666 2391 821 2512 scripsit
834 2408 1033 2486 oratiorum

179 2513 400 2608 uolumen,
431 2516 632 2715 ὅίβὴοέαε
648 2517 739 2601 duas
764 2517 807 2602 de
819 2525 953 2604 rariore
975 2529 1035 2602 in·

183 2635 363 2750 ssr'rueudi
376 2694 386 2718 .
401 2636 482 2717 Pau
501 2637 603 2718 unire
615 2635 875 2746 descriptionem
892 2635 1033 2718 Gracia

197 2753 331 2840 latine
358 2751 481 2836 vertit
505 2762 517 2835 '.
563 2747 691 2864 Quod
719 2765 851 2835 tam'en
881 2750 1034 2836 maiore

196 2869 399 2983 elegantia
410 2864 629 2984 praestitiffe
646 2865 1035 2982 existimatut,quem

195 2980 296 3073 fide.
312 2984 601 3103 Xenophontis
616 2986 736 3072 etium
752 2987 1033 3101 de'Er'rp'ediriorre

188 3105 284 3216 ¹Cyri
299 3100 430 3186 libros
448 3101 599 3219 septem
626 3099 777 3188 latinos
795 3099 923 3192 fecirr
954 3109 1035 3189 De·

197 3223 324 3330 nique
340 3219 449 3303 inter
476 3218 671 3336 Epistolas
697 3218 899 3306 clarorum
919 3224 1034 3306 viro·

198 3328 494 3466 rumseledias,
525 3367 617 3468 que
647 3338 689 3424 in
718 3337 852 3426 lucem
872 3340 1037 3457 prodier

622 3455 676 3573 Q
866 3490 875 3504 *
913 3477 1036 3548 runt,
1066 3463 1068 3470 '
