3052 4574
453 549 1016 755 (gidaut'eml'emperlicuit)
1046 613 1136 722 non
1170 627 1342 724 aul-init
1378 689 1383 696 ·

454 757 614 882 ponere
642 755 807 838 nomint
839 815 851 849 ,
877 781 902 837 a
928 755 1169 839 Christiana
1195 760 1342 841 veritus

455 903 498 967 ee
538 871 750 984 mallent,
796 901 918 988 quam
952 901 974 956 a
1004 869 1131 957 latine
1180 872 1343 986 elegan-

456 1001 520 1083 tia
556 987 795 1074 discedere.
826 987 946 1076 Hisce
996 1011 1130 1076 autem
1173 992 1342 1105 ineptiis

459 1113 561 1230 quid
592 1101 872 1194 tandem'lunt
904 1101 1141 1224 affequuti?
1173 1111 1240 1193 An
1266 1135 1342 1190 nu·

461 1257 616 1318 merum
653 1221 939 1312 inscribendo
981 1226 1174 1312 maiorem
1201 1230 1338 1313 rnna

456 1343 658 1462 copiam?
683 1369 732 1427 an
760 1343 1054 1456 prudentiam?
1087 1325 1252 1458 ln'eptus
1281 1339 1343 1426 sa·

463 1463 693 1552 neronior
725 1458 956 1552 Palearius,
994 1484 1130 1547 cetera
1157 1457 1345 1546 luculen-

446 1606 529 1690 ¹tus
561 1580 772 1664 latinitatis
799 1579 978 1670 audior,
1009 1579 1111 1692 qui,
1140 1605 1229 1692 quo
1265 1593 1343 1662 u'u·

462 1693 663 1791 merofior-
688 1695 849 1780 caderet
879 1699 1055 1789 oratio,
1088 1692 1340 1780 invocandos

451 1818 666 1922 elseDeos
686 1811 967 1906 immortales,
993 1840 1078 1898 non
1096 1817 1229 1898 Deum
1245 1839 1344 1924 cen·
1399 1836 1400 1848 ¹
1483 1827 1484 1831 ‘
1511 1853 1512 1866 κ

465 1936 547 2023 suit
579 1987 597 2021 ,ι
630 1925 901 2046 Copiofillirni
941 1929 1155 2017 Ciceronis
1183 1929 1342 2013 ieiunus

464 2055 651 2142 imitator
681 2047 909 2163 Longolius
944 2107 956 2140 ‚
984 2051 1059 2165 qui
1088 2106 1100 2138 ‚
1141 2043 1241 2131 dum
1270 2071 1344 2131 oo·

469 2171 632 2258 iorem·
676 2169 792 2251 uaerit
817 2163 993 2252 alienum
1024 2226 1037 2260 ‚
1076 2160 1344 2277 sanguinent·

468 2292 619 2377 eriam,
644 2197 798 2397 lquem
814 2281 965 2376 habet,
992 2280 1179 2396 deperdit
1203 2277 1343 2366 luumr

466 2404 600 2518 Julius
654 2427 752 2485 vero
783 2396 982 2513 ¹Scaliger
1029 2395 1345 2514 perridiculus»

508 2524 551 2606 ul
594 2520 696 2604 totis
728 2516 916 2602 concidit
945 2515 1222 2602 voluminibus
1252 2519 1344 2600 lira·

467 2551 601 2726 dmum
654 2634 861 2721 bominem
891 2663 989 2722 non
1030 2630 1345 2747 inelegantem,

477 2759 718 2873 optimeque
758 2751 948 2840 meritum
991 2751 1041 2838 de
1077 2751 1206 2836 literis
1239 2747 1347 2838 hanc

474 2901 600 2958 unum
639 2874 696 2954 ob
734 2867 947 2964 causum,
993 2870 1106 2986 quod
1134 2865 1346 2957 servi-tem.

459 2983 692 3088 ¹Ciceronis
708 2983 979 3070 imitationem
1006 2984 1134 3070 facete
1152 2981 1345 3072 irriserit.

477 3107 614 3222 Qrem
640 3099 785 3188 autem
803 3101 1005 3216 appellem
1032 3102 1227 3190 Bembum
1242 3105 1348 3187 Gan

481 3221 686 3310 dinalem?¹
715 3221 811 3304 Eum
829 3242 966 3314 cette,
996 3235 1155 3336 arrepto
1171 3216 1348 3308 oeculio·

476 3347 532 3428 'ne
545 3339 846 3429 calumniandi,
879 3366 963 3424 non
999 3359 1160 3456 veretur
1174 3340 1348 3453 impium
1389 3345 1390 3348 ‘

474 3457 806 3573 dicore-Longius
828 3456 1077 3563 Germanus.
1099 3458 1250 3544 'Cuius
1266 3473 1348 3568 ego

347 3578 352 3588 ’
474 3623 486 3635 ·
1193 3572 1349 3670 Bembi,
