3052 4574
218 773 272 830 ee
285 745 500 842 constitui,
519 777 605 834 erm
618 745 719 832 mihi
733 745 928 828 rationem
942 747 1084 833 ineun-

218 859 336 960 dam,
363 885 408 949 ut
424 859 477 948 fio
495 868 626 952 minus
658 864 819 955 omnir,
845 887 937 968 quae
961 861 1083 950 debe-

216 1005 301 1065 rem
320 1042 331 1075 ,
350 1009 396 1064 ea
420 977 558 1066 saltem
577 976 767 1066 solverem
781 1038 794 1074 ,
806 1007 896 1095 quae
911 975 1082 1092 possem:
1103 1071 1106 1076 ,

215 1117 336 1210 etque
353 1097 454 1182 adeo
479 1093 708 1206 historiam,
737 1123 860 1212 quam
888 1093 1082 1208 promise-

215 1221 332 1309 rem,'
354 1213 499 1328 plene,
529 1211 744 1328 diligenter
772 1271 783 1305 ‚
814 1210 1081 1328 ordinateque

215 1323 388 1416 scribere
401 1358 526 1446 quum
552 1333 716 1416 minime
742 1328 906 1424 liceret,
932 1323 1083 1416 scribe·

213 1473 299 1532 rem
337 1469 467 1532 tamen
493 1445 674 1564 aliquid,
691 1444 901 1562 Tibique,
927 1449 998 1560 qui
1028 1477 1081 1532 eo

205 1590 278 1648 me
309 1567 473 1649 nomine
499 1563 705 1680 appellas,
739 1555 1083 1651 BENEDICTE

88 1685 94 1694 '
213 1679 443 1772 Poimen,
460 1677 868 1796 repraesentaremjem
885 1713 970 1770 non
986 1679 1087 1766 ime·'

213 1799 328 1910 giuer
364 1795 670 1884 clariffimorum
700 1803 891 1886 Virorum
921 1797 1084 1913 expoli-

214 1933 303 2007 tas,
334 1923 456 2030 etq'ue
477 1910 704 2030 perfecus,
731 1912 793 2003 sed
820 1914 954 2004 nescio
977 1913 1085 2116 ἓυίἀ

214 2027 330 2146 quufi
345 2062 368 2118 e
383 2061 537 2148 quercu
558 2030 824 2148 exculptum.
848 2035 964 2146 quod
990 2034 1085 2118 rmi-

212 2144 257 2232 le
289 2143 489 2230 fimuiacri
515 2146 752 2252 videretur.
799 2143 998 2252 Eiusmodi
1029 2143 1086 2232 est

213 2260 446 2376 Dialogus,
472 2289 593 2378 quem
624 2257 880 2352 conscribere
909 2263 1086 2349 institui·

214 2408 333 2474 mus,
360 2383 411 2468 ad
440 2378 581 2496 Teque
603 2383 836 2478 mittimus,
868 2381 1084 2467 BENEDI·

216 2497 325 2582 CTE
350 2503 391 2583 P.
404 2499 564 2612 M.‚qui
582 2526 683 2584 unus
699 2497 799 2585 mihi
816 2530 856 2586 es
874 2499 919 2584 &
937 2497 1084 2594 lee‘ior,
1179 2567 1182 2578 .

215 2615 262 2700 &
275 2617 401 2726 judex
417 2611 618 2732 optandus
643 2613 907 2731 aequiffimus.
935 2617 1085 2730 Neque

217 2727 356 2818 frustra
372 2734 623 2851 optaverim,
654 2762 802 2846 quum,
833 2762 924 2848 quae
948 2729 1089 2818 tuaest

218 2851 423 2945 eruditio,
452 2850 804 2965 optimeomnium
818 2851 1005 2941 noveris,
1022 2873 1087 2931 ree

218 2993 392 3084 propter
417 2967 598 3082 inopium
628 2968 973 3054 monimentorum
999 3027 1011 3060 ‚
1039 2963 1088 3049 δί

220 3086 452 3173 vetustatem
478 3088 671 3196 temporis
698 3081 959 3199 perobscurus
976 3079 1088 3170 haud

193 3201 281 3285 -ite
309 3200 428 3291 facile
455 3193 628 3318 proferri
657 3201 699 3283 in
728 3198 861 3286 lucem
888 3197 1087 3319 potuiffe·

219 3316 547 3438 praesertimque
564 3319 748 3404 oratione
761 3316 954 3404 illustrare
971 3315 1089 3410 veiis,

218 3459 308 3526 nou
323 3435 515 3556 iufuseere
540 3433 747 3524 barbarie.
824 3465 993 3532 uerrere
1019 3458 1090 3521 tue

647 3553 773 3692 '¹33'
1026 3545 1093 3652 ‚est

216 537 1086 744 meeumuersarencollegime'aliqurndof
1211 615 1215 624 ¹
